@article{lorenz,
    author = {E. N. Lorenz}, title = {Deterministic Nonperiodic Flow}, journal = {Journal of Atmospheric Sciences},
    volume = {20},
    year = {1963},
    pages = {130--141}
    }